<?xml version="1.0" encoding="UTF-8"?><collection xmlns="http://www.loc.gov/MARC21/slim"><record><leader>00517nam--2200181-i-4500</leader><controlfield tag="001">000000940</controlfield><controlfield tag="002">20161230</controlfield><controlfield tag="005">20161230201024</controlfield><controlfield tag="008">060222s1000------------r-----000-0-ger-d</controlfield><datafield ind1=" " ind2=" " tag="040"><subfield code="a">IFIN-HH</subfield></datafield><datafield ind1=" " ind2=" " tag="041"><subfield code="a">ger</subfield></datafield><datafield ind1=" " ind2=" " tag="080"><subfield code="a">537.311.32(043)</subfield></datafield><datafield ind1="1" ind2=" " tag="100"><subfield code="a">Hensel,Nobert</subfield></datafield><datafield ind1="1" ind2="0" tag="245"><subfield code="a">Dielektrische streifenleiter und bauelements - untersuchungen mit millimeter-wellen</subfield><subfield code="b">Dissertation</subfield><subfield code="c">Nobert hensel</subfield></datafield><datafield ind1=" " ind2=" " tag="260"><subfield code="a">Berlin</subfield><subfield code="b">Universitat</subfield><subfield code="c">1990</subfield></datafield><datafield ind1=" " ind2=" " tag="300"><subfield code="a">188 P</subfield></datafield><datafield ind1=" " ind2=" " tag="852"><subfield code="a">79286</subfield><subfield code="c">537.226</subfield></datafield><datafield ind1=" " ind2=" " tag="CAT"><subfield code="a">Sys</subfield><subfield code="c">20110707</subfield><subfield code="h">162637</subfield></datafield></record></collection>